@Book{knuth:84,
  author = 	 {Donald E. Knuth},
  title = 	 {The Book},
  publisher = 	 {Addison-Wesley},
  year = 	 {1984},
  edition = 	 {15th}
}
@misc{uml:explicacao,
  author = {Miro},
  title = {O que é um diagrama UML},
  year = {2024},
  note = {Acesso em: 13 de Abril de 2024.},
  url ={https://miro.com/pt/diagrama/o-que-e-uml/}
}
@misc{sql:explicacao,
    author = {aws},
    title = {O que é SQL (linguagem de consulta estruturada)?},
    year = {2024},
    note = {Acesso em: 31 de Julho de 2024},
    url = {https://aws.amazon.com/pt/what-is/sql/}
}

@misc{spring:explicacao,
    author = {VMware},
    title = {Why Spring?},
    year = {2024},
    note = {Acesso em: 31 de Junho de 2024},
    url = {https://spring.io/why-spring}
}
@misc{spring:web:explicacao,
    author = {Eduardo Santana},
    title = {Desenvolvendo uma Aplicação Web com Spring Boot e Spring MVC},
    year = {2016},
    note = {Acesso em 1 de Agosto de 2024},
    url = {https://www.devmedia.com.br/desenvolvendo-uma-aplicacao-web-com-spring-boot-e-spring-mvc/34122}
}

@misc{spring:web:flux:explicacao,
    author = {Michelli Brito},
    title = {Spring Webflux},
    year = {2019},
    note = {Acesso em 1 de Agosto de 2024},
    url = {https://medium.com/@michellibrito/spring-webflux-f611c8256c53}
}

@misc{flyway:explicacao,
    author = {Osmar Vitor},
    title = {O que é Flyway e por que usa-lo? Com Java e Spring!},
    year = {2024},
    note = {Acesso em 1 de Agosto de 2024},
    url = {https://medium.com/@perez_vitor/o-que-%C3%A9-flyway-e-por-que-usa-lo-com-java-e-spring-312219ebf840}
}

@misc{swt:explicacao,
    author = {Torsten Kestermann},
    title = {The Standard Widget Toolkit (SWT) — Java UI at its Best (Part 1)},
    year = {2020},
    note = {Acesso em 1 de Agosto de 2024},
    url = {https://medium.com/@TorstenKestermann/the-standard-widget-toolkit-swt-java-ui-at-its-best-part-1-444f7f15b74}
}

@misc{kanban:explicacao,
  author = {Roberto Sabino},
  title = {Kanban: o que é, o Método Kanban, principais conceitos e como funciona no dia a dia},
  year = {2023},
  note = {Acesso em: 22 de Outubro de 2024},
  url = {https://www.alura.com.br/artigos/metodo-kanban}
}

@book{distributed:systems:book,
  author = {Maarten van Steen and Andrew S. Tanenbaum},
  title = {Distributed Systems},
  year = {2024},
  edition = {4rd},
  note = {E-book},
  url = {https://www.distributed-systems.net/index.php/books/ds4/},
  urldate = {2024-10-26}
}
@misc {biros-credito-explicacao,
  author = {Gabriela Mosmann},
  title = {O que é um birô de crédito e de que forma atua no mercado?},
  year = {2021},
  note = {Acesso em: 27 de Fevereiro de 2025},
  url = {http://suno.com.br/artigos/biro-de-credito/}

}

@misc {idtechs:explicacao,
  author = {Raphael Granucci},
  title = {IDTech: saiba o que é e entenda mais sobre esse conceito},
  year = {2023},
  note = {Acesso em: 27 de Fevereiro de 2025},
  url = {https://minds.digital/digital-transformation/idtech-o-que-e/}
}

@misc {processadora-cartao:explicacao,
  author = {Breno Salvador},
  title = {A ‘ponte’ das transações: o que faz uma processadora de cartões},
  year = {2023},
  note = {Acesso em: 27 de Fevereiro de 2025},
  url = {https://blog.pomelo.la/pt/processadora-cartoes/}
}

